@misc{opendap,
  title = "{Open-source Project for a Network Data Access Protocol (OPeNDAP)}",
  note = "http://www.opendap.org"
}

@misc{udunits,
  title = "{Unidata UDUNITS package}",
  note = "http://my.unidata.ucar.edu/content/software/udunits/index.html"
}

@misc{hdf,
  title = "{HDF}",
  note = "https://www.hdfgroup.org"
}

@misc{idl,
  title = "{Interactive Data Language}",
  note = "http://www.rsinc.com"
}

@misc{matlab,
  title = "{Matlab}",
  note = "http://www.mathworks.com"
}

@misc{gshhs,
  title = "{Global Self-consistent, Hierarchical, High-resolution Shoreline Database}",
  note = "http://www.ngdc.noaa.gov/mgg/shorelines/gshhs.html"
}

@book{hdf_ug,
  title = {HDF User's Guide, Version 4.1r2},
  publisher = {University of Illinois at Urbana-Champaign},
  year = {1998},
  month = {June}
}

@book{hdf_ref,
  title = {HDF Reference Manual, Version 4.1r2},
  publisher = {University of Illinois at Urbana-Champaign},
  year = {1998},
  month = {June}
}


